<?xml version="1.0" encoding="UTF-8"?><collection xmlns="http://www.loc.gov/MARC21/slim"><record><leader>00756nam--2200193-i-4500</leader><controlfield tag="001">000026974</controlfield><controlfield tag="002">20161230</controlfield><controlfield tag="005">20161230201036</controlfield><controlfield tag="008">060222s1000------------r-----000-0-eng-d</controlfield><datafield ind1=" " ind2=" " tag="040"><subfield code="a">IFIN-HH</subfield></datafield><datafield ind1=" " ind2=" " tag="080"><subfield code="a">614.898:539.12.047</subfield></datafield><datafield ind1="1" ind2=" " tag="100"><subfield code="a">Rust, John H</subfield></datafield><datafield ind1="1" ind2="0" tag="245"><subfield code="a">Exposure of man to radiation in nuclear warfare</subfield><subfield code="b">A series of lectures held at the conference of the nato civil defense collitee, scientific working party june 20 and 21, 1961 at the permanent headquarters of nato, paris</subfield><subfield code="c">John h. rust, d.j. mewissen (eds.)</subfield></datafield><datafield ind1=" " ind2=" " tag="260"><subfield code="a">Amsterdam</subfield><subfield code="b">Elsevier Publishing Company</subfield><subfield code="c">1963</subfield></datafield><datafield ind1=" " ind2=" " tag="300"><subfield code="a">VII + 155P</subfield></datafield><datafield ind1=" " ind2=" " tag="490"><subfield code="a">Elsevier Monographs. Medicine Section</subfield></datafield><datafield ind1="1" ind2=" " tag="700"><subfield code="a">Mewissen, D.J</subfield><subfield code="e">Ed</subfield></datafield><datafield ind1=" " ind2=" " tag="852"><subfield code="a">19404</subfield><subfield code="c">539.12.04</subfield></datafield><datafield ind1=" " ind2=" " tag="CAT"><subfield code="a">Sys</subfield><subfield code="c">20120206</subfield><subfield code="h">092546</subfield></datafield></record></collection>